% This file was created with JabRef 2.3.1.
% Encoding: UTF8

@Article{pmid29376122,
   Author="Dressel, J.  and Farid, H. ",
   Title="{{T}he accuracy, fairness, and limits of predicting recidivism}",
   Journal="Sci Adv",
   Year="2018",
   Volume="4",
   Number="1",
   Pages="eaao5580",
   Month="01"
}

@MISC{compass,
title = {{{ How we analyzed the COMPAS recidivism algorithm}}},
url = {https://github.com/propublica/compas-analysis/},
organization = {ProPublica},
Author="Larson, J",
year=2016,
sourceofpub = {ProPublica},
}}
@MISC{ethics,
title = {{{Ethics in machine learning. In: Machine learning: A First Course for Engineers and Scientists}}},
publisher = {ProPublica},
Author="Sumpter, D",
year=2021,
sourceofpub = {Cambridge University Press},
}}